@misc{gitscmLearn,
	author = {},
	title = {{G}it - {L}earn --- git-scm.com},
	howpublished = {\url{https://git-scm.com/learn}},
	year = {},
	note = {[Accessed 06-10-2025]},
}

@misc{githubManual,
	author = {},
	title = {{M}anual --- cli.github.com},
	howpublished = {\url{https://cli.github.com/manual/}},
	year = {},
	note = {[Accessed 06-10-2025]},
}