@book{Lupton2024-ik,
	title     = "Thinking with Type: A Critical Guide for Designers, Writers,
	Editors, and Students (3rd Edition, Revised and Expanded)",
	author    = "Lupton, E",
	publisher = "Chronicle Books LLC",
	year      =  2024
}

@book{tufte2001,
	author={Tufte, Edward R.},
	title={The visual display of quantitative information},
	year={2001},
	publisher={Second edition. Cheshire, Conn. : Graphics Press, [2001] {\textcopyright}2001},
	abstract={197 pages : illustrations (some color), maps (some color) ; 28 cm},
	note={Includes index.},
	url={https://search.library.wisc.edu/catalog/999913808702121}
}

@article{fitria2024capitalization,
	title={CAPITALIZATION ERRORS FOUND IN THE TITLE OF ENGLISH ARTICLES PUBLISHED IN SELECTED JOURNALS},
	author={Fitria, Tira Nur},
	journal={International Journal of Humanity Studies (IJHS)},
	volume={8},
	number={1},
	pages={1--12},
	year={2024}
}
